@book{newland,
  title={Mechanical Vibration Analysis and Computation},
  author={Newland, D.E.},
  isbn={9780486445175},
  lccn={2005054778},
  series={Dover books on engineering},
  url={https://books.google.fr/books?id=1JlFn3vJKasC},
  year={2006},
  publisher={Dover Publications}
}

Arthur Paté. Lutherie de la guitare électrique solid body : aspects mécaniques
et perceptifs. Acoustique [physics.class-ph].
Université Pierre et Marie Curie - Paris VI, 2014. Français.
<NNT : 2014PA066461>. <tel-01127562>

@PhdThesis{pate14:phd,
 author = {Pat\'{e}, Arthur},
 title = {Lutherie de la guitare électrique solid body : aspects mécaniques
et perceptifs},
 school = {Université Pierre et Marie Curie - Paris VI},
 year = {2014},
 OPTkey = {},
 OPTtype = {},
 OPTaddress = {},
 OPTmonth = {},
 OPTnote = {Français},
 OPTannote = {},
 OPTurl = {},
 OPTurldate = {},
 OPTlastchecked = {},
 OPTdoi = {},
 OPTisbn = {},
 OPTissn = {},
 OPTlocalfile = {},
 OPTabstract = {},
 OPTkeywords = {},
}